<record><leader>00000cas a2200000 a 4500</leader><controlfield tag="001">32067097</controlfield><controlfield tag="008">950301d19931999tnudr ne      0    0eng c</controlfield><datafield ind1=" " ind2=" " tag="010"><subfield code="a">sn 98058171 </subfield></datafield><datafield ind1=" " ind2=" " tag="040"><subfield code="a">TET</subfield><subfield code="b">eng</subfield><subfield code="c">TET</subfield><subfield code="d">TGN</subfield><subfield code="d">DLC</subfield><subfield code="d">OCLCQ</subfield><subfield code="d">OCLCF</subfield><subfield code="d">OCLCO</subfield><subfield code="d">OCLCQ</subfield></datafield><datafield ind1=" " ind2=" " tag="032"><subfield code="a">101340</subfield><subfield code="b">USPS</subfield></datafield><datafield ind1=" " ind2=" " tag="042"><subfield code="a">pcc</subfield></datafield><datafield ind1=" " ind2=" " tag="043"><subfield code="a">n-us-tn</subfield></datafield><datafield ind1="0" ind2="0" tag="050"><subfield code="a">Newspaper</subfield></datafield><datafield ind1="0" ind2=" " tag="130"><subfield code="a">Chattanooga free press (Chattanooga, Tenn. : 1993)</subfield></datafield><datafield ind1="1" ind2="0" tag="245"><subfield code="a">Chattanooga free press.</subfield></datafield><datafield ind1="3" ind2="0" tag="246"><subfield code="a">Free press</subfield></datafield><datafield ind1=" " ind2=" " tag="260"><subfield code="a">Chattanooga, Tenn. :</subfield><subfield code="b">Chattanooga Free Press,</subfield><subfield code="c">1993-1996.</subfield></datafield><datafield ind1=" " ind2=" " tag="300"><subfield code="a">volumes</subfield></datafield><datafield ind1=" " ind2=" " tag="310"><subfield code="a">Daily</subfield></datafield><datafield ind1=" " ind2=" " tag="336"><subfield code="a">text</subfield><subfield code="b">txt</subfield><subfield code="2">rdacontent</subfield></datafield><datafield ind1=" " ind2=" " tag="337"><subfield code="a">unmediated</subfield><subfield code="b">n</subfield><subfield code="2">rdamedia</subfield></datafield><datafield ind1=" " ind2=" " tag="338"><subfield code="a">volume</subfield><subfield code="b">nc</subfield><subfield code="2">rdacarrier</subfield></datafield><datafield ind1="0" ind2=" " tag="362"><subfield code="a">Vol. 58, no. 97 (Dec. 5, 1993)-v. 63, no. 126 (Jan. 4, 1999).</subfield></datafield><datafield ind1=" " ind2=" " tag="500"><subfield code="a">Roy McDonald, founder and publisher, 1936-1990.</subfield></datafield><datafield ind1=" " ind2=" " tag="580"><subfield code="a">Merged with: Chattanooga times, to form: Chattanooga times, Chattanooga free press.</subfield></datafield><datafield ind1=" " ind2="0" tag="651"><subfield code="a">Chattanooga (Tenn.)</subfield><subfield code="v">Newspapers.</subfield></datafield><datafield ind1=" " ind2="0" tag="651"><subfield code="a">Hamilton County (Tenn.)</subfield><subfield code="v">Newspapers.</subfield></datafield><datafield ind1=" " ind2="7" tag="651"><subfield code="a">Tennessee</subfield><subfield code="z">Chattanooga.</subfield><subfield code="2">fast</subfield><subfield code="0">(OCoLC)fst01205713</subfield></datafield><datafield ind1=" " ind2="7" tag="651"><subfield code="a">Tennessee</subfield><subfield code="z">Hamilton County.</subfield><subfield code="2">fast</subfield><subfield code="0">(OCoLC)fst01209591</subfield></datafield><datafield ind1=" " ind2="7" tag="655"><subfield code="a">Newspapers.</subfield><subfield code="2">fast</subfield><subfield code="0">(OCoLC)fst01423814</subfield></datafield><datafield ind1=" " ind2=" " tag="752"><subfield code="a">United States</subfield><subfield code="b">Tennessee</subfield><subfield code="c">Hamilton</subfield><subfield code="d">Chattanooga.</subfield></datafield><datafield ind1="0" ind2="0" tag="780"><subfield code="t">Chattanooga news-free press</subfield><subfield code="w">(DLC)sn 85042694</subfield><subfield code="w">(OCoLC)12797641</subfield></datafield><datafield ind1="1" ind2="7" tag="785"><subfield code="t">Chattanooga times</subfield><subfield code="w">(DLC)sn 85042696</subfield></datafield><datafield ind1="1" ind2="7" tag="785"><subfield code="t">Chattanooga times, Chattanooga free press</subfield><subfield code="w">(DLC)sn 98069516</subfield></datafield></record>